@article{Pleyer2025,
    doi = {10.21105/joss.07723},
    url = {https://doi.org/10.21105/joss.07723},
    year = {2025},
    publisher = {The Open Journal},
    volume = {10},
    number = {110},
    pages = {7723},
    author = {Jonas Pleyer and Christian Fleck},
    title = {cellular\_raza: Cellular Agent-based Modeling from a Clean Slate},
    journal = {Journal of Open Source Software},
}

@article{Rodgers1985,
    title = {Improvements in multiprocessor system design},
    volume = {13},
    ISSN = {0163-5964},
    url = {http://dx.doi.org/10.1145/327070.327215},
    DOI = {10.1145/327070.327215},
    number = {3},
    journal = {ACM SIGARCH Computer Architecture News},
    publisher = {Association for Computing Machinery (ACM)},
    author = {Rodgers, David P.},
    year = {1985},
    month = jun,
    pages = {225–231},
}

@online{AMDProductSpecifications,
    author = {{AMD Ryzen™ 7 3700X}},
    title = {AMD Product specifications},
    year = 2024,
    url = {https://www.amd.com/en/products/specifications.html},
    urldate = {2024-11-21},
}

@online{Inteli712700H,
    author = {{Intel Corporation}},
    title = {Intel i7 12700H},
    year = 2024,
    url = {
           https://ark.intel.com/content/www/us/en/ark/products/132228/intel-core-i7-12700h-processor-24m-cache-up-to-4-70-ghz.html
           },
    urldate = {2024-11-21},
}

@software{GjengsetHurdles2018,
    author = {{Jon Gjengset}},
    title = {Hurdles},
    url = {https://crates.io/crates/hurdles},
    version = {1.0},
    date = {December 4th 2018},
}

@article{Lemons1997,
    title = {Paul Langevin’s 1908 paper “On the Theory of Brownian Motion” [“Sur
             la théorie du mouvement brownien, ” C. R. Acad. Sci. (Paris) 146,
             530–533 (1908)]},
    volume = {65},
    ISSN = {1943-2909},
    url = {http://dx.doi.org/10.1119/1.18725},
    DOI = {10.1119/1.18725},
    number = {11},
    journal = {American Journal of Physics},
    publisher = {American Association of Physics Teachers (AAPT)},
    author = {Lemons, Don S. and Gythiel, Anthony},
    year = {1997},
    month = nov,
    pages = {1079–1081},
}

@article{Brown1828,
    title = {XXVII. A brief account of microscopical observations made in the
             months of June, July and August 1827, on the particles contained in
             the pollen of plants; and on the general existence of active
             molecules in organic and inorganic bodies},
    volume = {4},
    ISSN = {1941-5869},
    url = {http://dx.doi.org/10.1080/14786442808674769},
    DOI = {10.1080/14786442808674769},
    number = {21},
    journal = {The Philosophical Magazine},
    publisher = {Informa UK Limited},
    author = {Brown, Robert},
    year = {1828},
    month = sep,
    pages = {161–173},
}

@article{Callen1951,
    title = {Irreversibility and Generalized Noise},
    volume = {83},
    ISSN = {0031-899X},
    url = {http://dx.doi.org/10.1103/PhysRev.83.34},
    DOI = {10.1103/physrev.83.34},
    number = {1},
    journal = {Physical Review},
    publisher = {American Physical Society (APS)},
    author = {Callen, Herbert B. and Welton, Theodore A.},
    year = {1951},
    month = jul,
    pages = {34–40},
}

@article{Einstein1905,
    title = {\"{U}ber die von der molekularkinetischen Theorie der W\"{a}rme
             geforderte Bewegung von in ruhenden Fl\"{u}ssigkeiten suspendierten
             Teilchen},
    volume = {322},
    ISSN = {1521-3889},
    url = {http://dx.doi.org/10.1002/andp.19053220806},
    DOI = {10.1002/andp.19053220806},
    number = {8},
    journal = {Annalen der Physik},
    publisher = {Wiley},
    author = {Einstein, A.},
    year = {1905},
    month = jan,
    pages = {549–560},
}

@inbook{VANKAMPEN2007,
    title = {THE LANGEVIN APPROACH},
    ISBN = {9780444529657},
    url = {http://dx.doi.org/10.1016/B978-044452965-7/50012-X},
    DOI = {10.1016/b978-044452965-7/50012-x},
    booktitle = {Stochastic Processes in Physics and Chemistry},
    publisher = {Elsevier},
    author = {VAN KAMPEN, N.G.},
    year = {2007},
    pages = {219–243},
}
